<record><leader>00000cas a2200000 a 4500</leader><controlfield tag="001">12564061</controlfield><controlfield tag="008">850917d186018uuiluwr ne      0   a0eng c</controlfield><datafield ind1=" " ind2=" " tag="010"><subfield code="a">sn 85034208 </subfield></datafield><datafield ind1=" " ind2=" " tag="040"><subfield code="a">NPU</subfield><subfield code="b">eng</subfield><subfield code="c">NPU</subfield><subfield code="d">NVF</subfield><subfield code="d">OCL</subfield><subfield code="d">OCLCQ</subfield><subfield code="d">NVF</subfield><subfield code="d">OCLCF</subfield><subfield code="d">NVF</subfield><subfield code="d">OCLCO</subfield></datafield><datafield ind1="1" ind2=" " tag="029"><subfield code="a">AU@</subfield><subfield code="b">000020234700</subfield></datafield><datafield ind1=" " ind2=" " tag="042"><subfield code="a">pcc</subfield></datafield><datafield ind1=" " ind2=" " tag="043"><subfield code="a">n-us-il</subfield></datafield><datafield ind1="0" ind2=" " tag="130"><subfield code="a">Fayette Democrat (Vandalia, Ill.)</subfield></datafield><datafield ind1="1" ind2="4" tag="245"><subfield code="a">The Fayette Democrat.</subfield></datafield><datafield ind1="1" ind2="7" tag="246"><subfield code="a">Fayette weekly Democrat</subfield><subfield code="b">&lt;1862-May 6, 1868&gt;</subfield></datafield><datafield ind1=" " ind2=" " tag="260"><subfield code="a">Vandalia, Ill. :</subfield><subfield code="b">J.R. Flynn</subfield></datafield><datafield ind1=" " ind2=" " tag="300"><subfield code="a">v. ;</subfield><subfield code="c">51 cm.</subfield></datafield><datafield ind1=" " ind2=" " tag="310"><subfield code="a">Weekly</subfield></datafield><datafield ind1="1" ind2=" " tag="362"><subfield code="a">Began in 1860?</subfield></datafield><datafield ind1=" " ind2=" " tag="588"><subfield code="a">Description based on: Volume 3, number 13 (May 21, 1862).</subfield></datafield><datafield ind1=" " ind2=" " tag="588"><subfield code="a">Latest issue consulted: Apr. 25, 1877.</subfield></datafield><datafield ind1=" " ind2="0" tag="651"><subfield code="a">Vandalia (Ill.)</subfield><subfield code="v">Newspapers.</subfield></datafield><datafield ind1=" " ind2="0" tag="651"><subfield code="a">Fayette County (Ill.)</subfield><subfield code="v">Newspapers.</subfield></datafield><datafield ind1=" " ind2="7" tag="651"><subfield code="a">Illinois</subfield><subfield code="z">Fayette County.</subfield><subfield code="2">fast</subfield><subfield code="0">(OCoLC)fst01215007</subfield></datafield><datafield ind1=" " ind2="7" tag="651"><subfield code="a">Illinois</subfield><subfield code="z">Vandalia.</subfield><subfield code="2">fast</subfield><subfield code="0">(OCoLC)fst01250146</subfield></datafield><datafield ind1=" " ind2="7" tag="655"><subfield code="a">Newspapers.</subfield><subfield code="2">fast</subfield><subfield code="0">(OCoLC)fst01423814</subfield></datafield><datafield ind1=" " ind2=" " tag="752"><subfield code="a">United States</subfield><subfield code="b">Illinois</subfield><subfield code="c">Fayette</subfield><subfield code="d">Vandalia.</subfield></datafield><datafield ind1="0" ind2="0" tag="785"><subfield code="t">Fayette County Democrat (Vandalia, Ill.)</subfield><subfield code="w">(DLC)sn 92054472</subfield><subfield code="w">(OCoLC)25184540</subfield></datafield></record>